<record xmlns="http://www.loc.gov/MARC21/slim" xmlns:xsi="http://www.w3.org/2001/XMLSchema-instance" xsi:schemaLocation="http://www.loc.gov/MARC21/slim http://www.loc.gov/standards/marcxml/schema/MARC21slim.xsd">

  <leader>00478nam a2200157Ia 4500</leader>
  <datafield ind2=" " tag="999" ind1=" ">
    <subfield code="c">1368</subfield>
    <subfield code="d">1368</subfield>
  </datafield>
  <controlfield tag="008">170621b1987    bl ||||| |||| 00| 0 por d</controlfield>
  <datafield tag="090" ind2=" " ind1=" ">
    <subfield code="a">05.06.01 </subfield>
    <subfield code="b">1866</subfield>
  </datafield>
  <datafield ind1="1" tag="100" ind2=" ">
    <subfield code="a">Luria, Alexandr Romanovich</subfield>
    <subfield code="9">2950</subfield>
  </datafield>
  <datafield ind1="1" ind2="0" tag="245">
    <subfield code="a">Pensamento e linguagem: as últimas conferencias de Luria / </subfield>
    <subfield code="c">A. R. Luria</subfield>
  </datafield>
  <datafield ind1=" " ind2=" " tag="260">
    <subfield code="a">Porto Alegre : </subfield>
    <subfield code="b">Artes Médicas, </subfield>
    <subfield code="c">1987</subfield>
  </datafield>
  <datafield ind1=" " ind2=" " tag="300">
    <subfield code="a">251 páginas</subfield>
  </datafield>
  <datafield ind2="4" tag="650" ind1="1">
    <subfield code="a">LENGUAS</subfield>
    <subfield code="9">2951</subfield>
  </datafield>
  <datafield ind1="1" ind2="4" tag="650">
    <subfield code="a">LENGUAJE </subfield>
    <subfield code="9">889</subfield>
  </datafield>
  <datafield ind1="1" ind2="4" tag="650">
    <subfield code="a">PENSAMIENTO</subfield>
    <subfield code="9">368</subfield>
  </datafield>
  <datafield ind2=" " tag="942" ind1=" ">
    <subfield code="2">z</subfield>
    <subfield code="c">01</subfield>
  </datafield>
</record>